@article{McDevitt2011AZinc,
    title = {{A molecular mechanism for bacterial susceptibility to Zinc}},
    year = {2011},
    journal = {PLoS Pathogens},
    author = {McDevitt, Christopher A. and Ogunniyi, Abiodun D. and Valkov, Eugene and Lawrence, Michael C. and Kobe, Bostjan and McEwan, Alastair G. and Paton, James C.},
    number = {11},
    month = {11},
    volume = {7},
    doi = {10.1371/journal.ppat.1002357},
    issn = {15537366},
    pmid = {22072971}
}

@article{CysticFibrosisFoundationAboutFibrosis,
    title = {{About Cystic Fibrosis}},
    author = {{Cystic Fibrosis Foundation}},
    url = {https://www.cff.org/intro-cf/about-cystic-fibrosis}
}

@article{Korupalli2017Acidity-triggeredInfection,
    title = {{Acidity-triggered charge-convertible nanoparticles that can cause bacterium-specific aggregation in situ to enhance photothermal ablation of focal infection}},
    year = {2017},
    journal = {Biomaterials},
    author = {Korupalli, Chiranjeevi and Huang, Chieh Cheng and Lin, Wei Chih and Pan, Wen Yu and Lin, Po Yen and Wan, Wei Lin and Li, Meng Ju and Chang, Yen and Sung, Hsing Wen},
    month = {2},
    pages = {1--9},
    volume = {116},
    publisher = {Elsevier Ltd},
    doi = {10.1016/j.biomaterials.2016.11.045},
    issn = {18785905},
    pmid = {27912130},
    keywords = {Charge conversion, Imaging guiding, Photothermal therapy, Subcutaneous abscesses, pH-responsive nanoparticles}
}

@article{Pang2019AntibioticStrategies,
    title = {{Antibiotic resistance in Pseudomonas aeruginosa: mechanisms and alternative therapeutic strategies}},
    year = {2019},
    journal = {Biotechnology Advances},
    author = {Pang, Zheng and Raudonis, Renee and Glick, Bernard R. and Lin, Tong Jun and Cheng, Zhenyu},
    number = {1},
    month = {1},
    pages = {177--192},
    volume = {37},
    publisher = {Elsevier},
    doi = {10.1016/J.BIOTECHADV.2018.11.013},
    issn = {0734-9750},
    pmid = {30500353},
    keywords = {Pseudomonas aeruginosa, alternative therapeutics, antibiotic resistance, new antibiotics, resistance mechanisms}
}

@article{Tavares2010AntimicrobialTreatment,
    title = {{Antimicrobial photodynamic therapy: Study of bacterial recovery viability and potential development of resistance after treatment}},
    year = {2010},
    journal = {Marine Drugs},
    author = {Tavares, Anabela and Carvalho, Carla M.B. and Faustino, Maria A. and Neves, Maria G.P.M.S. and Tom{\'{e}}, João P.C. and Tom{\'{e}}, Augusto C. and Cavaleiro, José A.S. and Cunha, Ângela and Gomes, Newton C.M. and Alves, Eliana and Almeida, Adelaide},
    number = {1},
    pages = {91--105},
    volume = {8},
    publisher = {MDPI AG},
    doi = {10.3390/md8010091},
    issn = {16603397},
    pmid = {20161973},
    keywords = {Antimicrobial photodynamic therapy, Bacterial resistance, Bacterial viability, Bioluminescence, Cationic porphyrin}
}

@article{Tavares2010AntimicrobialTreatmentb,
    title = {{Antimicrobial photodynamic therapy: Study of bacterial recovery viability and potential development of resistance after treatment}},
    year = {2010},
    journal = {Marine Drugs},
    author = {Tavares, Anabela and Carvalho, Carla M.B. and Faustino, Maria A. and Neves, Maria G.P.M.S. and Tom{\'{e}}, João P.C. and Tom{\'{e}}, Augusto C. and Cavaleiro, José A.S. and Cunha, Ângela and Gomes, Newton C.M. and Alves, Eliana and Almeida, Adelaide},
    number = {1},
    pages = {91--105},
    volume = {8},
    publisher = {MDPI AG},
    doi = {10.3390/md8010091},
    issn = {16603397},
    pmid = {20161973},
    keywords = {Antimicrobial photodynamic therapy, Bacterial resistance, Bacterial viability, Bioluminescence, Cationic porphyrin}
}

@article{Ma2009AssemblyMatrix,
    title = {{Assembly and Development of the Pseudomonas aeruginosa Biofilm Matrix}},
    year = {2009},
    journal = {PLOS Pathogens},
    author = {Ma, Luyan and Conover, Matthew and Lu, Haiping and Parsek, Matthew R and Bayles, Kenneth and Wozniak, Daniel J},
    number = {3},
    month = {3},
    pages = {e1000354-},
    volume = {5},
    publisher = {Public Library of Science},
    url = {https://doi.org/10.1371/journal.ppat.1000354}
}

@article{Krylov2014BacteriophagesTherapy,
    title = {{Bacteriophages of Pseudomonas aeruginosa: Long-Term Prospects for Use in Phage Therapy}},
    year = {2014},
    journal = {Advances in Virus Research},
    author = {Krylov, Victor N.},
    month = {1},
    pages = {227--278},
    volume = {88},
    publisher = {Academic Press},
    doi = {10.1016/B978-0-12-800098-4.00005-2},
    issn = {0065-3527},
    pmid = {24373314},
    keywords = {Interspecies phage migrations, Phage therapy, Pseudomonas aeruginosa bacteriophages, Species of transposable Pseudomonas phages}
}

@article{CysticFibrosisFoundationBasicsProtein,
    title = {{Basics of the CFTR Protein}},
    author = {{Cystic Fibrosis Foundation}},
    url = {https://www.cff.org/research-clinical-trials/basics-cftr-protein}
}

@book{Madigan2022BrockMicroorganisms,
    title = {{Brock Biology of Microorganisms }},
    year = {2022},
    author = {Madigan, Michael T. and Bender, Kelly S. and Buckley, Daniel H. and Sattley, W. Matthew and Stahl, David A.},
    editor = {Hueftle, Anita Wagner},
    edition = {16},
    publisher = {Person Education}
}

@book{Madigan2022BrockMicroorganismsb,
    title = {{Brock Biology of Microorganisms }},
    year = {2022},
    author = {Madigan, Michael T. and Bender, Kelly S. and Buckley, Daniel H. and Sattley, W. Matthew and Stahl, David A.},
    editor = {Hueftle, Anita Wagner},
    edition = {16},
    publisher = {Person Education}
}

@article{Darabpour2016ChitosanStudy,
    title = {{Chitosan nanoparticles enhance the efficiency of methylene blue-mediated antimicrobial photodynamic inactivation of bacterial biofilms: An in vitro study}},
    year = {2016},
    journal = {Photodiagnosis and Photodynamic Therapy},
    author = {Darabpour, Esmaeil and Kashef, Nasim and Mashayekhan, Shohreh},
    month = {6},
    pages = {211--217},
    volume = {14},
    publisher = {Elsevier B.V.},
    doi = {10.1016/j.pdpdt.2016.04.009},
    issn = {18731597},
    pmid = {27118084},
    keywords = {Antibiotic resistance, Antimicrobial photodynamic inactivation, Biofilm, Chitosan nanoparticles}
}

@article{Booth2019CysticFibrosis,
    title = {{Cystic Fibrosis}},
    year = {2019},
    journal = {WebMD},
    author = {Booth, Stephanie},
    month = {12},
    url = {https://www.webmd.com/children/what-is-cystic-fibrosis}
}

@article{cysticfibrosisnewstoday.com2016CysticStatistics,
    title = {{Cystic Fibrosis Statistics}},
    year = {2016},
    author = {{cysticfibrosisnewstoday.com}},
    month = {1}
}

@article{Perron2004CzcR-CzcSAeruginosa,
    title = {{CzcR-CzcS, a Two-component System Involved in Heavy Metal and Carbapenem Resistance in Pseudomonas aeruginosa}},
    year = {2004},
    journal = {Journal of Biological Chemistry},
    author = {Perron, Karl and Caille, Olivier and Rossier, Claude and Van Delden, Christian and Dumas, Jean Luc and K{\"{o}}hler, Thilo},
    number = {10},
    month = {3},
    pages = {8761--8768},
    volume = {279},
    doi = {10.1074/jbc.M312080200},
    issn = {00219258},
    pmid = {14679195}
}

@article{Nejdl2014DNAIons,
    title = {{DNA interaction with zinc(II) ions}},
    year = {2014},
    journal = {International Journal of Biological Macromolecules},
    author = {Nejdl, Lukas and Ruttkay-Nedecky, Branislav and Kudr, Jiri and Krizkova, Sona and Smerkova, Kristyna and Dostalova, Simona and Vaculovicova, Marketa and Kopel, Pavel and Zehnalek, Josef and Trnkova, Libuse and Babula, Petr and Adam, Vojtech and Kizek, Rene},
    month = {3},
    pages = {281--287},
    volume = {64},
    publisher = {Elsevier},
    doi = {10.1016/J.IJBIOMAC.2013.12.013},
    issn = {0141-8130},
    pmid = {24361244},
    keywords = {Gel electrophoresis, Melting temperature, UV/vis spectrophotometry}
}

@article{Daneman2012DurationTherapy,
    title = {{Duration of hospital admission and the need for empirical antipseudomonal therapy}},
    year = {2012},
    journal = {Journal of clinical microbiology},
    author = {Daneman, N and Elligsen, M and Walker, S A N and Simor, A},
    edition = {2012/06/06},
    number = {8},
    month = {8},
    pages = {2695--2701},
    volume = {50},
    publisher = {American Society for Microbiology},
    url = {https://pubmed.ncbi.nlm.nih.gov/22675131 https://www.ncbi.nlm.nih.gov/pmc/articles/PMC3421486/},
    doi = {10.1128/JCM.00758-12},
    issn = {1098-660X},
    pmid = {22675131},
    keywords = {Aged, Aged, 80 and over, Anti-Bacterial Agents/administration {\&} dosage, Cohort Studies, Cross Infection/drug therapy/*epidemiology/microbiology, Humans, Incidence, Length of Stay, Male, Middle Aged, Pseudomonas Infections/drug therapy/*epidemiology/microbiology, Pseudomonas aeruginosa/*isolation {\&} purification, Retrospective Studies, Tertiary Care Centers, Time Factors},
    language = {eng}
}

@article{Mastropasqua2018EfficientLung,
    title = {{Efficient zinc uptake is critical for the ability of Pseudomonas aeruginosa to express virulence traits and colonize the human lung}},
    year = {2018},
    journal = {Journal of Trace Elements in Medicine and Biology},
    author = {Mastropasqua, Maria Chiara and Lamont, Iain and Martin, Lois W. and Reid, David W. and D'Orazio, Melania and Battistoni, Andrea},
    month = {7},
    pages = {74--80},
    volume = {48},
    publisher = {Elsevier GmbH},
    doi = {10.1016/j.jtemb.2018.03.009},
    issn = {18783252},
    pmid = {29773197},
    keywords = {Cystic fibrosis, Pseudomonas aeruginosa, Pyoverdine, Virulence factors, Zinc, Zinc import}
}

@article{Mastropasqua2018EfficientLungb,
    title = {{Efficient zinc uptake is critical for the ability of Pseudomonas aeruginosa to express virulence traits and colonize the human lung}},
    year = {2018},
    journal = {Journal of Trace Elements in Medicine and Biology},
    author = {Mastropasqua, Maria Chiara and Lamont, Iain and Martin, Lois W. and Reid, David W. and D'Orazio, Melania and Battistoni, Andrea},
    number = {January},
    pages = {74--80},
    volume = {48},
    publisher = {Elsevier},
    url = {https://doi.org/10.1016/j.jtemb.2018.03.009},
    doi = {10.1016/j.jtemb.2018.03.009},
    issn = {18783252},
    pmid = {29773197},
    keywords = {Cystic fibrosis, Pseudomonas aeruginosa, Pyoverdine, Virulence factors, Zinc, Zinc import}
}

@misc{Pachori2019EmergenceReview,
    title = {{Emergence of antibiotic resistance Pseudomonas aeruginosa in intensive care unit; a critical review}},
    year = {2019},
    booktitle = {Genes and Diseases},
    author = {Pachori, Preeti and Gothalwal, Ragini and Gandhi, Puneet},
    number = {2},
    month = {6},
    pages = {109--119},
    volume = {6},
    publisher = {Chongqing University},
    doi = {10.1016/j.gendis.2019.04.001},
    issn = {23523042},
    keywords = {Antibiotics, Blood stream infections, Infection, Pathogen, Resistance, Urinary tract infections}
}

@article{Chatterjee2017EnvironmentalAeruginosa,
    title = {{Environmental pseudomonads inhibit cystic fibrosis patient-derived Pseudomonas aeruginosa}},
    year = {2017},
    journal = {Applied and Environmental Microbiology},
    author = {Chatterjee, Payel and Davis, Elizabeth and Yu, Fengan and James, Sarah and Wildschutte, Julia H. and Wiegmann, Daniel D. and Sherman, David H. and McKay, Robert M. and LiPuma, John J. and Wildschutte, Hans},
    number = {2},
    volume = {83},
    publisher = {American Society for Microbiology},
    doi = {10.1128/AEM.02701-16},
    issn = {10985336},
    pmid = {27881418},
    keywords = {Antagonistic, Kynurenine, Pseudomonads, Pseudomonas aeruginosa, Siderophore, Thioquinolobactin}
}

@techreport{Lyczak2000EstablishmentOpportunist,
    title = {{Establishment of Pseudomonas aeruginosa infection: lessons from a versatile opportunist}},
    year = {2000},
    author = {Lyczak, Jeffrey B and Cannon, Carolyn L and Pier, Gerald B}
}

@article{McCall2000FunctionMetalloenzymes,
    title = {{Function and Mechanism of Zinc Metalloenzymes}},
    year = {2000},
    journal = {The Journal of Nutrition},
    author = {McCall, Keith A. and Huang, Chih Chin and Fierke, Carol A.},
    number = {5},
    month = {5},
    pages = {1437S-1446S},
    volume = {130},
    publisher = {Oxford Academic},
    url = {https://academic.oup.com/jn/article/130/5/1437S/4686409},
    doi = {10.1093/JN/130.5.1437S},
    issn = {0022-3166},
    pmid = {10801957},
    keywords = {Zinc-binding sites, catalysis, ligands, metals, zinc}
}

@article{Ross-Gillespie2014Gallium-mediatedTreatment,
    title = {{Gallium-mediated siderophore quenching as an evolutionarily robust antibacterial treatment}},
    year = {2014},
    journal = {Evolution, Medicine and Public Health},
    author = {Ross-Gillespie, Adin and Weigert, Michael and Brown, Sam P. and K{\"{u}}mmerli, Rolf},
    number = {1},
    month = {1},
    pages = {18--29},
    volume = {2014},
    publisher = {Oxford University Press},
    doi = {10.1093/emph/eou003},
    issn = {20506201},
    keywords = {Antivirulence therapy, Experimental evolution, Pseudomonas, Public good quenching, Resistance}
}

@article{Lee2006GenomicCombinatorial,
    title = {{Genomic analysis reveals that Pseudomonas aeruginosa virulence is combinatorial}},
    year = {2006},
    journal = {Genome Biology},
    author = {Lee, Daniel G. and Urbach, Jonathan M. and Wu, Gang and Liberati, Nicole T. and Feinbaum, Rhonda L. and Miyata, Sachiko and Diggins, Lenard T. and He, Jianxi and Saucier, Maude and D{\'{e}}ziel, Eric and Friedman, Lisa and Li, Li and Grills, George and Montgomery, Kate and Kucherlapati, Raju and Rahme, Laurence G. and Ausubel, Frederick M.},
    number = {10},
    month = {10},
    pages = {1--14},
    volume = {7},
    publisher = {BioMed Central},
    url = {https://link.springer.com/articles/10.1186/gb-2006-7-10-r90 https://link.springer.com/article/10.1186/gb-2006-7-10-r90},
    doi = {10.1186/GB-2006-7-10-R90/TABLES/3},
    issn = {1474760X},
    pmid = {17038190},
    keywords = {Animal Genetics and Genomics, Bioinformatics, Evolutionary Biology, Human Genetics, Microbial Genetics and Genomics, Plant Genetics and Genomics}
}

@misc{UnitedNationsGoal3,
    title = {{Goal 3}},
    booktitle = {United Nations},
    author = {{United Nations}},
    url = {https://sdgs.un.org/goals/goal3}
}

@article{Mastropasqua2017GrowthMetallophore,
    title = {{Growth of Pseudomonas aeruginosa in zinc poor environments is promoted by a nicotianamine-related metallophore}},
    year = {2017},
    journal = {Molecular Microbiology},
    author = {Mastropasqua, Maria Chiara and D'Orazio, Melania and Cerasi, Mauro and Pacello, Francesca and Gismondi, Angelo and Canini, Antonella and Canuti, Lorena and Consalvo, Ada and Ciavardelli, Domenico and Chirullo, Barbara and Pasquali, Paolo and Battistoni, Andrea},
    number = {4},
    pages = {543--561},
    volume = {106},
    doi = {10.1111/mmi.13834},
    issn = {13652958},
    pmid = {28898501}
}

@inproceedings{Hirao2010InRats,
    title = {{In vivo photodynamic inactivation of Psuedomonas aeruginosa in burned skin in rats}},
    year = {2010},
    booktitle = {Optical Methods for Tumor Treatment and Detection: Mechanisms and Techniques in Photodynamic Therapy XIX},
    author = {Hirao, Akihiro and Sato, Shunichi and Terakawa, Mitsuhiro and Saitoh, Daizoh and Shinomiya, Nariyoshi and Ashida, Hiroshi and Obara, Minoru},
    month = {2},
    pages = {75510V},
    volume = {7551},
    publisher = {SPIE},
    isbn = {9780819479471},
    doi = {10.1117/12.841495},
    issn = {16057422}
}

@article{German2016MicrobialMetals,
    title = {{Microbial Virulence and Interactions With Metals}},
    year = {2016},
    journal = {Progress in Molecular Biology and Translational Science},
    author = {German, N. and L{\"{u}}thje, F. and Hao, X. and R{\o}nn, R. and Rensing, C.},
    month = {1},
    pages = {27--49},
    volume = {142},
    publisher = {Academic Press},
    isbn = {9780128093856},
    doi = {10.1016/BS.PMBTS.2016.05.010},
    issn = {1877-1173},
    pmid = {27571691},
    keywords = {bacterial virulence, grazing, innate immunity, metal toxicity, metals}
}

@techreport{MULTIDRUG-RESISTANTAERUGINOSA,
    title = {{MULTIDRUG-RESISTANT PSEUDOMONAS AERUGINOSA}},
    url = {www.cdc.gov/hai/organisms/pseudomonas.html},
    keywords = {11012019, CS298822-A}
}

@article{Botella2011MycobacterialMacrophages,
    title = {{Mycobacterial P 1-Type ATPases mediate resistance to Zinc poisoning in human macrophages}},
    year = {2011},
    journal = {Cell Host and Microbe},
    author = {Botella, Hélne and Peyron, Pascale and Levillain, Florence and Poincloux, Renaud and Poquet, Yannick and Brandli, Irne and Wang, Chuan and Tailleux, Ludovic and Tilleul, Sylvain and Charrire, Guillaume M. and Waddell, Simon J. and Foti, Maria and Lugo-Villarino, Geanncarlo and Gao, Qian and Maridonneau-Parini, Isabelle and Butcher, Philip D. and Castagnoli, Paola Ricciardi and Gicquel, Brigitte and De Chastellier, Chantal and Neyrolles, Olivier},
    number = {3},
    month = {9},
    pages = {248--259},
    volume = {10},
    doi = {10.1016/j.chom.2011.08.006},
    issn = {19313128},
    pmid = {21925112}
}

@article{Chan2018PhageAeruginosa,
    title = {{Phage treatment of an aortic graft infected with Pseudomonas aeruginosa}},
    year = {2018},
    journal = {Evolution, Medicine and Public Health},
    author = {Chan, Benjamin K. and Turner, Paul E. and Kim, Samuel and Mojibian, Hamid R. and Elefteriades, John A. and Narayan, Deepak},
    number = {1},
    month = {1},
    pages = {60--66},
    volume = {2018},
    publisher = {Oxford University Press},
    doi = {10.1093/emph/eoy005},
    issn = {20506201},
    keywords = {Antibiotic resistance, Phage therapy, Prosthetic vascular graft infection, Pseudomonas aeruginosa}
}

@article{Al-Bakri2019Photothermal-inducedBiofilm,
    title = {{Photothermal-induced antibacterial activity of gold nanorods loaded into polymeric hydrogel against pseudomonas aeruginosa biofilm}},
    year = {2019},
    journal = {Molecules},
    author = {Al-Bakri, Amal G. and Mahmoud, Nouf N.},
    number = {14},
    month = {7},
    volume = {24},
    publisher = {MDPI AG},
    doi = {10.3390/molecules24142661},
    issn = {14203049},
    pmid = {31340472},
    keywords = {Biofilm, Gold nanorods, Hydrogel, Phospholipid, Photothermal therapy, Pseudomonas aeruginosa}
}

@techreport{PRIORITIZATIONTUBERCULOSIS,
    title = {{PRIORITIZATION OF PATHOGENS TO GUIDE DISCOVERY, RESEARCH AND DEVELOPMENT OF NEW ANTIBIOTICS FOR DRUG-RESISTANT BACTERIAL INFECTIONS, INCLUDING TUBERCULOSIS}}
}

@misc{Thi2020PseudomonasBiofilms,
    title = {{Pseudomonas aeruginosa biofilms}},
    year = {2020},
    booktitle = {International Journal of Molecular Sciences},
    author = {Thi, Minh Tam Tran and Wibowo, David and Rehm, Bernd H.A.},
    number = {22},
    month = {11},
    pages = {1--25},
    volume = {21},
    publisher = {MDPI AG},
    doi = {10.3390/ijms21228671},
    issn = {14220067},
    pmid = {33212950},
    keywords = {Biofilms, Pseudomonas aeruginosa, Quorum sensing}
}

@article{Nolan2020PseudomonasBiofilms,
    title = {{Pseudomonas aeruginosa is capable of natural transformation in biofilms}},
    year = {2020},
    journal = {Microbiology (Reading, England)},
    author = {Nolan, Laura M and Turnbull, Lynne and Katrib, Marilyn and Osvath, Sarah R and Losa, Davide and Lazenby, James J and Whitchurch, Cynthia B},
    number = {10},
    month = {10},
    pages = {995--1003},
    volume = {166},
    publisher = {Microbiology Society},
    url = {https://pubmed.ncbi.nlm.nih.gov/32749953 https://www.ncbi.nlm.nih.gov/pmc/articles/PMC7660920/},
    doi = {10.1099/mic.0.000956},
    issn = {1465-2080},
    pmid = {32749953},
    keywords = {*Biofilms/growth {\&} development, *HGT, type IV pili, *T4P, *Transformation, Bacterial, *eDNA, genomic DNA, *extracellular DNA, *gDNA, horizontal gene transfer, Bacterial Proteins/genetics/metabolism, DNA/metabolism, Fimbriae, Bacterial/genetics/metabolism, Pseudomonas aeruginosa/genetics/*physiology},
    language = {eng}
}

@article{Gonzalez2019PseudomonasPathogen,
    title = {{Pseudomonas aeruginosa zinc homeostasis: Key issues for an opportunistic pathogen}},
    year = {2019},
    journal = {Biochimica et Biophysica Acta (BBA) - Gene Regulatory Mechanisms},
    author = {Gonzalez, Manuel R. and Ducret, Verena and Leoni, Sara and Perron, Karl},
    number = {7},
    month = {7},
    pages = {722--733},
    volume = {1862},
    publisher = {Elsevier},
    doi = {10.1016/J.BBAGRM.2018.01.018},
    issn = {1874-9399},
    pmid = {29410128},
    keywords = {Carbapenem, Homeostasis, Pseudomonas aeruginosa, Virulence, Zinc}
}

@article{Laborda2021PseudomonasOrigin,
    title = {{Pseudomonas aeruginosa: an antibiotic resilient pathogen with environmental origin}},
    year = {2021},
    journal = {Current Opinion in Microbiology},
    author = {Laborda, Pablo and Sanz-Garc{\'{i}}a, Fernando and Hernando-Amado, Sara and Mart{\'{i}}nez, José Luis},
    month = {12},
    pages = {125--132},
    volume = {64},
    publisher = {Elsevier Current Trends},
    doi = {10.1016/J.MIB.2021.09.010},
    issn = {1369-5274},
    pmid = {34710741}
}

@article{Hernando-amadoScienceDirectOrigin,
    title = {{ScienceDirect Pseudomonas aeruginosa : an antibiotic resilient pathogen with environmental origin}},
    author = {Hernando-amado, Sara and Laborda, Pablo and Sanz-garcı, Fernando and Martı, Luis},
    doi = {10.1016/j.mib.2021.09.010}
}

@article{Irie2012Self-producedAeruginosa/i,
    title = {{Self-produced exopolysaccharide is a signal that stimulates biofilm formation in <i>Pseudomonas aeruginosa</i>}},
    year = {2012},
    journal = {Proceedings of the National Academy of Sciences},
    author = {Irie, Yasuhiko and Borlee, Bradley R and O’Connor, Jennifer R and Hill, Preston J and Harwood, Caroline S and Wozniak, Daniel J and Parsek, Matthew R},
    number = {50},
    pages = {20632--20636},
    volume = {109},
    url = {https://www.pnas.org/doi/abs/10.1073/pnas.1217993109},
    doi = {10.1073/pnas.1217993109}
}

@misc{Kubrak2022SomeTherapy,
    title = {{Some Natural Photosensitizers and Their Medicinal Properties for Use in Photodynamic Therapy}},
    year = {2022},
    booktitle = {Molecules},
    author = {Kubrak, Tomasz Piotr and Ko{\l}odziej, Przemysław and Sawicki, Jan and Mazur, Anna and Koziorowska, Katarzyna and Aebisher, David},
    number = {4},
    month = {2},
    volume = {27},
    publisher = {MDPI},
    doi = {10.3390/molecules27041192},
    issn = {14203049},
    pmid = {35208984},
    keywords = {Alkaloids, Anthraquinones, Curcumins, Furanocoumarins, Photodynamic therapy (PDT), Polyacetylenes, Thiophenes, Tolyporphin}
}

@article{Gray2012SputumDiseases,
    title = {{Sputum Proteomics in Inflammatory and Suppurative Respiratory Diseases}},
    year = {2012},
    journal = {https://doi.org/10.1164/rccm.200703-409OC},
    author = {Gray, Robert D. and MacGregor, Gordon and Noble, Donald and Imrie, Margaret and Dewar, Maria and Boyd, A. Christopher and Innes, J. Alastair and Porteous, David J. and Greening, Andrew P.},
    number = {5},
    month = {12},
    pages = {444--452},
    volume = {178},
    publisher = {American Thoracic Society},
    doi = {10.1164/RCCM.200703-409OC},
    issn = {1073449X},
    pmid = {18565957},
    keywords = {biomarkers, calprotectin, cystic fibrosis}
}

@article{Adjide2010StenotrophomonasCentre,
    title = {{Stenotrophomonas maltophilia and Pseudomonas aeruginosa water associated microbiologic risk assessment in Amiens' University Centre}},
    year = {2010},
    journal = {Pathologie Biologie},
    author = {Adjid{\'{e}}, C. C. and De Meyer, A. and Weyer, M. and Obin, O. and Lamory, F. and Lesueur, C. and Trouillet, L. and Biendo, M. and Eb, F. and Ganry, O.},
    number = {2},
    volume = {58},
    publisher = {Elsevier Masson SAS},
    doi = {10.1016/j.patbio.2009.07.006},
    issn = {03698114},
    pmid = {19892487},
    keywords = {Biocontamination, Cold water, Hospital settings, Microbiologic risk assessment, Pseudomonas aeruginosa, Stenotrophomonas maltophilia, Taps cotton-swabs}
}

@article{Sheppard2022StrainPathogens,
    title = {{Strain wars and the evolution of opportunistic pathogens}},
    year = {2022},
    journal = {Current Opinion in Microbiology},
    author = {Sheppard, Samuel K.},
    month = {6},
    pages = {102138},
    volume = {67},
    publisher = {Elsevier Current Trends},
    doi = {10.1016/J.MIB.2022.01.009},
    issn = {1369-5274}
}

@article{Fiorillo2021StructureAeruginosa,
    title = {{Structure and metal-binding properties of PA4063, a novel player in periplasmic zinc trafficking by Pseudomonas aeruginosa}},
    year = {2021},
    journal = {Acta Crystallographica Section D: Structural Biology},
    author = {Fiorillo, Annarita and Battistoni, Andrea and Ammendola, Serena and Secli, Valerio and Rinaldo, Serena and Cutruzzola, Francesca and Demitri, Nicola and Ilari, Andrea},
    month = {11},
    pages = {1401--1410},
    volume = {77},
    publisher = {International Union of Crystallography},
    doi = {10.1107/S2059798321009608},
    issn = {20597983},
    pmid = {34726168},
    keywords = {Ferredoxin-like fold, PA4063, Periplasmic zinc trafficking, Pseudomonas aeruginosa}
}

@article{Huebinger2016TargetingInjury,
    title = {{Targeting bacterial adherence inhibits multidrug-resistant Pseudomonas aeruginosa infection following burn injury}},
    year = {2016},
    journal = {Scientific Reports},
    author = {Huebinger, Ryan M. and Stones, Daniel H. and De Souza Santos, Marcela and Carlson, Deborah L. and Song, Juquan and Vaz, Diana Pereira and Keen, Emma and Wolf, Steven E. and Orth, Kim and Krachler, Anne Marie},
    month = {12},
    volume = {6},
    publisher = {Nature Publishing Group},
    doi = {10.1038/srep39341},
    issn = {20452322},
    pmid = {27996032}
}

@article{Krezel2016TheIons,
    title = {{The biological inorganic chemistry of zinc ions}},
    year = {2016},
    journal = {Archives of Biochemistry and Biophysics},
    author = {Kr{\c{e}}{\.{z}}el, Artur and Maret, Wolfgang},
    month = {12},
    pages = {3--19},
    volume = {611},
    publisher = {Academic Press},
    doi = {10.1016/J.ABB.2016.04.010},
    issn = {0003-9861},
    pmid = {27117234},
    keywords = {zinc, zinc biochemistry, zinc biophysics, zinc ions, zinc speciation}
}

@article{Lim2013ThePf-5,
    title = {{The effect of zinc limitation on the transcriptome of Pseudomonas protegens Pf-5}},
    year = {2013},
    journal = {Environmental microbiology},
    author = {Lim, Chee Kent and Hassan, Karl A. and Penesyan, Anahit and Loper, Joyce E. and Paulsen, Ian T.},
    number = {3},
    month = {3},
    pages = {702--715},
    volume = {15},
    publisher = {Environ Microbiol},
    url = {https://pubmed.ncbi.nlm.nih.gov/22900619/},
    doi = {10.1111/J.1462-2920.2012.02849.X},
    issn = {1462-2920},
    pmid = {22900619},
    keywords = {Bacterial Proteins / metabolism, Bacterial*, Chee Kent Lim, Gene Expression Regulation, Ian T Paulsen, Karl A Hassan, MEDLINE, Membrane Proteins / metabolism, NCBI, NIH, NLM, National Center for Biotechnology Information, National Institutes of Health, National Library of Medicine, Non-U.S. Gov't, Protein Array Analysis, Protein Interaction Domains and Motifs, Pseudomonas / genetics*, Pseudomonas / metabolism*, PubMed Abstract, Research Support, Ribosomal Proteins / genetics, Soil Microbiology, Transcriptome*, Zinc / metabolism*, doi:10.1111/j.1462-2920.2012.02849.x, pmid:22900619}
}

@article{Billings2013TheBiofilms,
    title = {{The Extracellular Matrix Component Psl Provides Fast-Acting Antibiotic Defense in Pseudomonas aeruginosa Biofilms}},
    year = {2013},
    journal = {PLOS Pathogens},
    author = {Billings, Nicole and Ramirez Millan, Maria and Caldara, Marina and Rusconi, Roberto and Tarasova, Yekaterina and Stocker, Roman and Ribbeck, Katharina},
    number = {8},
    month = {8},
    pages = {e1003526-},
    volume = {9},
    publisher = {Public Library of Science},
    url = {https://doi.org/10.1371/journal.ppat.1003526}
}

@article{Colvin2012TheMatrix,
    title = {{The Pel and Psl polysaccharides provide Pseudomonas aeruginosa structural redundancy within the biofilm matrix}},
    year = {2012},
    journal = {Environmental microbiology},
    author = {Colvin, Kelly M and Irie, Yasuhiko and Tart, Catherine S and Urbano, Rodolfo and Whitney, John C and Ryder, Cynthia and Howell, P Lynne and Wozniak, Daniel J and Parsek, Matthew R},
    edition = {2011/12/19},
    number = {8},
    month = {8},
    pages = {1913--1928},
    volume = {14},
    url = {https://pubmed.ncbi.nlm.nih.gov/22176658 https://www.ncbi.nlm.nih.gov/pmc/articles/PMC3840794/},
    doi = {10.1111/j.1462-2920.2011.02657.x},
    issn = {1462-2920},
    pmid = {22176658},
    keywords = {*Biofilms, Gene Expression Profiling, Gene Expression Regulation, Bacterial, Mutation, Polysaccharides, Bacterial/biosynthesis/chemistry/*genetics, Pseudomonas aeruginosa/genetics/isolation {\&} purification/metabolism/*physiology, Species Specificity},
    language = {eng}
}

@article{Djoko2015ThePathogens,
    title = {{The role of copper and zinc toxicity in innate immune defense against bacterial pathogens}},
    year = {2015},
    journal = {Journal of Biological Chemistry},
    author = {Djoko, Karrera Y. and Y. Ong, Cheryl Lynn and Walker, Mark J. and McEwan, Alastair G.},
    number = {31},
    month = {7},
    pages = {1854--1861},
    volume = {290},
    publisher = {American Society for Biochemistry and Molecular Biology Inc.},
    doi = {10.1074/jbc.R115.647099},
    issn = {1083351X},
    pmid = {26055706}
}

@misc{Palmer2016TransitionBacteria,
    title = {{Transition Metals and Virulence in Bacteria}},
    year = {2016},
    booktitle = {Annual Review of Genetics},
    author = {Palmer, Lauren D. and Skaar, Eric P.},
    month = {11},
    pages = {67--91},
    volume = {50},
    publisher = {Annual Reviews Inc.},
    doi = {10.1146/annurev-genet-120215-035146},
    issn = {15452948},
    pmid = {27617971},
    keywords = {Host-pathogen interface, Metal acquisition, Metal homeostasis, Nutritional immunity, Transition metal}
}

@article{Blencowe2003ZnIIProkaryotes,
    title = {{Zn(II) metabolism in prokaryotes}},
    year = {2003},
    journal = {FEMS Microbiology Reviews},
    author = {Blencowe, Dayle K. and Morby, Andrew P.},
    number = {2-3},
    month = {6},
    pages = {291--311},
    volume = {27},
    publisher = {No longer published by Elsevier},
    doi = {10.1016/S0168-6445(03)00041-X},
    issn = {0168-6445},
    pmid = {12829272},
    keywords = {Ion transport, Metal ion, Metallo-chaperone, Zinc}
}

@article{Pederick2015ZnuAAeruginosa,
    title = {{ZnuA and zinc homeostasis in Pseudomonas aeruginosa}},
    year = {2015},
    journal = {Scientific Reports},
    author = {Pederick, Victoria G. and Eijkelkamp, Bart A. and Begg, Stephanie L. and Ween, Miranda P. and McAllister, Lauren J. and Paton, James C. and McDevitt, Christopher A.},
    month = {8},
    volume = {5},
    publisher = {Nature Publishing Group},
    doi = {10.1038/SREP13139},
    issn = {20452322},
    pmid = {26290475}
}